<record><leader>00000cas a2200000 a 4500</leader><controlfield tag="001">42336184</controlfield><controlfield tag="007">hd afb---bacp</controlfield><controlfield tag="007">hd bfb---babp</controlfield><controlfield tag="008">821015d18691878waudn nea     0   a0eng c</controlfield><datafield ind1=" " ind2=" " tag="010"><subfield code="a">sn 99048125 </subfield></datafield><datafield ind1=" " ind2=" " tag="040"><subfield code="a">Wa</subfield><subfield code="b">eng</subfield><subfield code="c">WRJ</subfield><subfield code="d">WAU</subfield><subfield code="d">OCLCQ</subfield><subfield code="d">OCLCF</subfield><subfield code="d">OCLCO</subfield></datafield><datafield ind1=" " ind2=" " tag="012"><subfield code="i">9912</subfield></datafield><datafield ind1=" " ind2=" " tag="042"><subfield code="a">pcc</subfield></datafield><datafield ind1=" " ind2=" " tag="043"><subfield code="a">n-us-wa</subfield></datafield><datafield ind1="0" ind2=" " tag="082"><subfield code="a">071.97</subfield><subfield code="2">19</subfield></datafield><datafield ind1="0" ind2="0" tag="245"><subfield code="a">Daily Pacific tribune</subfield><subfield code="h">[microform].</subfield></datafield><datafield ind1=" " ind2=" " tag="260"><subfield code="a">Olympia, W.T. :</subfield><subfield code="b">[Chas. Prosch &amp; Co.],</subfield><subfield code="c">1869-1878.</subfield></datafield><datafield ind1=" " ind2=" " tag="300"><subfield code="a">v.</subfield></datafield><datafield ind1=" " ind2=" " tag="310"><subfield code="a">Daily (except Sunday)</subfield></datafield><datafield ind1="0" ind2=" " tag="362"><subfield code="a">Vol. 1, no. 13 (Oct. 18, 1869)-v. 16, no. 84 (Sept. 14, 1878).</subfield></datafield><datafield ind1=" " ind2=" " tag="500"><subfield code="a">Published: Tacoma, Wash., Aug. 19, 1873-May 23, 1874; Seattle, Wash., June 15, 1875-1878.</subfield></datafield><datafield ind1=" " ind2=" " tag="515"><subfield code="a">Suspended May 24, 1874-June 14, 1875.</subfield></datafield><datafield ind1=" " ind2=" " tag="580"><subfield code="a">Companion publication to: Weekly Pacific tribune.</subfield></datafield><datafield ind1=" " ind2=" " tag="533"><subfield code="a">Microfilm.</subfield><subfield code="b">[Seattle, Wash.] :</subfield><subfield code="c">University of Washington Library.</subfield><subfield code="e">6 microfilm reels ; 35 mm.</subfield></datafield><datafield ind1=" " ind2="0" tag="651"><subfield code="a">Olympia (Wash.)</subfield><subfield code="v">Newspapers.</subfield></datafield><datafield ind1=" " ind2="0" tag="651"><subfield code="a">Tacoma (Wash.)</subfield><subfield code="v">Newspapers.</subfield></datafield><datafield ind1=" " ind2="0" tag="651"><subfield code="a">Seattle (Wash.)</subfield><subfield code="v">Newspapers.</subfield></datafield><datafield ind1=" " ind2="7" tag="655"><subfield code="a">Newspapers.</subfield><subfield code="2">fast</subfield><subfield code="0">(OCoLC)fst01423814</subfield></datafield><datafield ind1=" " ind2="7" tag="651"><subfield code="a">Washington (State)</subfield><subfield code="z">Olympia.</subfield><subfield code="2">fast</subfield><subfield code="0">(OCoLC)fst01206098</subfield></datafield><datafield ind1=" " ind2="7" tag="651"><subfield code="a">Washington (State)</subfield><subfield code="z">Seattle.</subfield><subfield code="2">fast</subfield><subfield code="0">(OCoLC)fst01204940</subfield></datafield><datafield ind1=" " ind2="7" tag="651"><subfield code="a">Washington (State)</subfield><subfield code="z">Tacoma.</subfield><subfield code="2">fast</subfield><subfield code="0">(OCoLC)fst01205636</subfield></datafield><datafield ind1=" " ind2=" " tag="752"><subfield code="a">United States</subfield><subfield code="b">Washington</subfield><subfield code="c">Thurston</subfield><subfield code="d">Olympia.</subfield></datafield><datafield ind1=" " ind2=" " tag="752"><subfield code="a">United States</subfield><subfield code="b">Washington</subfield><subfield code="c">Pierce</subfield><subfield code="d">Tacoma.</subfield></datafield><datafield ind1=" " ind2=" " tag="752"><subfield code="a">United States</subfield><subfield code="b">Washington</subfield><subfield code="c">King</subfield><subfield code="d">Seattle.</subfield></datafield><datafield ind1="1" ind2=" " tag="776"><subfield code="c">Original</subfield><subfield code="w">(DLC)sn 84022760</subfield><subfield code="w">(OCoLC)10580055</subfield></datafield><datafield ind1="0" ind2="0" tag="780"><subfield code="t">Daily tribune (Olympia, Wash.)</subfield><subfield code="w">(DLC)sn 99048546</subfield><subfield code="w">(OCoLC)42336148</subfield></datafield><datafield ind1="0" ind2="0" tag="785"><subfield code="t">Daily evening tribune (Seattle, Wash.)</subfield></datafield><datafield ind1="1" ind2=" " tag="787"><subfield code="t">Weekly Pacific tribune</subfield><subfield code="w">(DLC)sn 99048124</subfield></datafield><datafield ind1=" " ind2=" " tag="850"><subfield code="a">WaU</subfield></datafield></record>